@BOOK{Hastie,
author = {Hastie et al.},
title = {The Elements of Statistical Learning - Data Mining, Inference, and Prediction},
publisher = {Springer},
year = {2017},
edition = {Second edition},
}

@MISC{Normal,
author = {Wikipedia},
title = {Normal Distribution}, 
year = {2018},
url = "{https://en.wikipedia.org/wiki/Normal\_distribution}",
howpublished = "{https://en.wikipedia.org/wiki/Normal\_distribution}",
note = {Last visited 08.10.2018}
}


@article{Franke,
title = "Smooth interpolation of scattered data by local thin plate splines",
journal = "Computers \& Mathematics with Applications",
volume = "8",
number = "4",
pages = "273 - 281",
year = "1982",
issn = "0898-1221",
doi = "https://doi.org/10.1016/0898-1221(82)90009-8",
url = "http://www.sciencedirect.com/science/article/pii/0898122182900098",
author = "Richard Franke"
}
